@misc{sharelatex,
	title = {{latex documentation}}   ,
      url = "https://www.sharelatex.com/learn/",
	
},

@misc{physics,
    
	title = {{Rotational kinetic energy and angular momentum}},
      url = "http://physics.bu.edu/~duffy/py105/AngularMo.html",
	year = {1999}, 
},

@misc{phy,

	title = {{Relation Between Torque and Angular Acceleration}},
	url = "http://theory.uwinnipeg.ca/physics/rot/node5.html",
	year = {1997},
},
